@MANUAL{svgspec,
    title = "Scalable Vector Graphics (SVG) 1.1 Specification {[online]}",
    organization = "WWW Consorcium",
    url = "http://www.w3.org/TR/2003/REC-SVG11-20030114/",
    note = "[cit. 2011-07-07]",
    key = "svg"
}

@INBOOK{kobltypo,
	title = "Praktick{\' a} typografie",
	author = "Pavel Ko{\v c}i{\v c}ka and Filip Bla{\v z}ek",
	publisher = "Brno: Computer Press",
	year = "2004"
}

@BOOK{rybicka,
	title = "LaTeX pro za\v c\'ate\v cn\'\i{}ky",
	author = "Ji{\v r}{\' i} Rybi{\v c}ka",
	isbn = "80-7302-049-1",
	publisher = "Brno: Konvoj",
	edition = "3"
}

@MANUAL{iso690,
	organization = "\'U\v rad pro technickou normalizaci, metrologii a st\'atn\'\i{} zku\v sebnictv\'\i{}",
	title = "\v CSN ISO 690 Informace a dokumentace -- Pravidla pro bibliografick\'e odkazy a citace informa\v cn\'\i{}ch zdroj{\r u}",
	year = "2011"
}


@ARTICLE {sitova-karta-s-fpga-xilinx,
    title  = "Síťová karta s FPGA Xilinx pro 1 a 10GbE",
    journal = "V: Pandatron - elektrotechnický magazín {[online]}",
    howpublished = "[online]",
    month  = "červen",
    year   = "2013",
    note = "[cit. 2015-10-31]",
    url    = "http://pandatron.cz/?2939&sitova_karta_s_fpga_xilinx_pro_1_a_10gbe"
}

%------------------------------------------------------------------------------------------------------------
@MISC {kaaproject,
    title  = "What is an IoT platform?",
    author = {{KaaIoT Technologies, LLC}},
    howpublished = "[online]",
    month  = "leden",
    year   = "2021",
    note = "[cit. 2021-04-09]",
    url    = "https://www.kaaproject.org/blog/what-is-iot-platform"
}

@MISC {zigbee,
    title = "Zigbee FAQ",
    author = {{Zigbee Alliance}},
    howpublished = "[online]",
    year   = "2020",
    note = "[cit. 2021-03-09]",
    url = "https://zigbeealliance.org/zigbee-faq/"
}

@MISC {zwawe,
    title = "Z-Wave: The basics",
    author = {{Silicon Laboratories}},
    howpublished = "[online]",
    year   = "2021",
    note = "[cit. 2021-03-09]",
    url = "https://www.z-wave.com/faq"
}

@MISC {lora,
    title = "What is LoRaWAN® Specification",
    author = {{LoRa Alliance®}},
    howpublished = "[online]",
    year   = "2021",
    note = "[cit. 2021-04-09]",
    url = "https://lora-alliance.org/about-lorawan/"
}

@MISC {sigfox-price,
    title = "Základní ceník konektivity",
    author = "Sigfox",
    howpublished = "[online]",
    year   = "2021",
    note = "[cit. 2021-04-09]",
    url = "https://sigfox.cz/cs/o-nas/cenik-vop"
}

@MISC {cra,
    title = "Služby CRA IoT",
    author = {{České Radiokomunikace a.s.}},
    howpublished = "[online]",
    year   = "2021",
    note = "[cit. 2021-04-09]",
    url = "https://www.cra.cz/sluzby-iot"
}

@MISC {hadex,
    title = "Modul WiFi ESP8266 ESP-12E",
    author = {{Softima s.r.o.}},
    howpublished = "[online]",
    year   = "2021",
    note = "[cit. 2021-04-09]",
    url = "https://www.hadex.cz/m430-modul-wifi-esp8266-esp-12e/?gclid=CjwKCAjw9r-DBhBxEiwA9qYUpcE5RugsG_KluPdqKfUBQKR_S7ALkszlbaOvMZ6Z9OZms2n3Nw5tfRoCA9YQAvD_BwE"
}
@ARTICLE {what-future-hold,
    title = "IoT and home automation: What does the future hold?",
    author = "Rushabh Patel",
    publisher    = {IoT Now Magazine},
    howpublished = "[online]",
    month  = {květen},
    year   = "2020",
    note = "[cit. 2021-04-09]",
    url = "https://www.iot-now.com/2020/06/10/98753-iot-home-automation-future-holds/"
}

@MISC {blynk,
    title = "Blynk IoT platform: for businesses and developers",
    author = {{Blynk Inc.}},
    howpublished = "[online]",
    year   = "2020",
    note = "[cit. 2021-03-01]",
    url = "https://blynk.io/about"
}

@MISC {blynk-pricing,
    title = "Pricing | Blynk IoT Platform",
    author = {{Blynk Inc.}},
    howpublished = "[online]",
    year   = "2020",
    note = "[cit. 2021-03-01]",
    url = "https://blynk.io/pricing"
}

@MISC {blynk-doc,
    title = "Blynk dokumentace",
    author = {{Blynk Inc.}},
    howpublished = "[online]",
    year   = "2021",
    note = "[cit. 2021-03-01]",
    url = "https://docs.blynk.cc/"
}

@MISC {blynk-server,
    title = "Blynk server",
    author = {{Blynk Inc.}},
    howpublished = "[software]",
    year   = "2021",
    note = "[cit. 2021-03-01]",
    url = "https://github.com/blynkkk/blynk-server"
}

@MISC {ha,
    title = "Home Assistant",
    author = "Paulus Schoutsen",
    howpublished = "[online]",
    year   = "2021",
    note = "[cit. 2021-04-01]",
    url = "https://www.home-assistant.io/"
}

@MISC {ha-doc,
    title = "Documentation",
    author = "Paulus Schoutsen",
    howpublished = "[online]",
    year   = "2021",
    note = "[cit. 2021-04-01]",
    url = "https://www.home-assistant.io/docs/"
}
@MISC {ha-discovery,
    title = "MQTT Discovery",
    author = "Paulus Schoutsen",
    howpublished = "[online]",
    year   = "2021",
    note = "[cit. 2021-04-01]",
    url = "https://www.home-assistant.io/docs/mqtt/discovery/"
}

@MISC {ha-integrations,
    title = "Integrations",
    author = "Paulus Schoutsen",
    howpublished = "[online]",
    year   = "2021",
    note = "[cit. 2021-04-01]",
    url = "https://www.home-assistant.io/integrations/"
}

@MISC {esphome,
    title = "ESPHome",
    author = "Otto Winter",
    howpublished = "[online]",
    year   = "2021",
    note = "[cit. 2021-04-01]",
    url = "https://esphome.io/"
}


@MISC {openhab,
    title = "openHAB",
    author = {{openHAB Community and openHAB Foundation e.V.}},
    howpublished = "[online]",
    year   = "2021",
    note = "[cit. 2021-04-01]",
    url = "https://www.openhab.org/"
}
@MISC {openhab-doc,
    title = "Welcome!",
    author = {{openHAB Community and openHAB Foundation e.V.}},
    howpublished = "[online]",
    year   = "2021",
    note = "[cit. 2021-04-01]",
    url = "https://www.openhab.org/docs/"
}

@MISC {openhab-addons,
    title = "Add-on Reference",
    author = {{openHAB Community and openHAB Foundation e.V.}},
    howpublished = "[online]",
    year   = "2021",
    note = "[cit. 2021-04-01]",
    url = "https://www.openhab.org/addons/"
}

@MISC {thingspeaks,
    title = "Learn More About ThingSpeak",
    author = {{The MathWorks, Inc.}},
    howpublished = "[online]",
    year   = "2021",
    note = "[cit. 2021-04-01]",
    url = "https://thingspeak.com/pages/learn_more"
}


@MISC {thingspeaks-pricing,
    title = "License Options",
    author = {{The MathWorks, Inc.}},
    howpublished = "[online]",
    year   = "2021",
    note = "[cit. 2021-04-01]",
    url = "https://thingspeak.com/prices"
}

@MISC {mesh,
    title = "What a Mesh! Part 2-Networking Architectures and Protocols",
    author = "Joel K. Young",
    howpublished = "[online]",
    month = {Prosinec},
    year = "2008",
    note = "[cit. 2021-04-09]",
    url = "https://www.fierceelectronics.com/components/what-a-mesh-part-2-networking-architectures-and-protocols"
}

@MISC {protocols,
    title = "IoT Standards and Protocols",
    author = "Trevor Harwood",
    howpublished = "[online]",
    month = {únor},
    year = "2020",
    note = "[cit. 2021-04-09]",
    url = "https://www.postscapes.com/internet-of-things-protocols/"
}

@MISC {mqtt,
    title = "MQTT Version 3.1.1",
    author = "OASIS",
    howpublished = "[online]",
    month = {říjen},
    year = "2014",
    note = "[cit. 2021-04-09]",
    url = "http://docs.oasis-open.org/mqtt/mqtt/v3.1.1/os/mqtt-v3.1.1-os.html"
}

@MISC {ts,
    title = "TypeScript: Typed JavaScript at Any Scale.",
    author = "Microsoft",
    howpublished = "[online]",
    year = "2021",
    note = "[cit. 2021-04-09]",
    url = "https://www.typescriptlang.org/"
}

@MISC {nodejs,
    title = "Documentation | Node.js",
    author = {{OpenJS Foundation}},
    howpublished = "[online]",
    year = "2021",
    note = "[cit. 2021-04-09]",
    url = "https://nodejs.org/en/docs/"
}

@MISC {modulecounts,
    title = "Module Counts",
    author = "Erik DeBill",
    howpublished = "[online]",
    year = "2021",
    note = "[cit. 2021-04-09]",
    url = "http://www.modulecounts.com/"
}
@MISC {expressjs,
    title = "Express - Node.js web application framework",
    author = {{OpenJS Foundation}},
    howpublished = "[online]",
    year = "2017",
    note = "[cit. 2021-04-09]",
    url = "https://expressjs.com/"
}

@MISC {agendajs,
    title = "agenda/agenda: Lightweight job scheduling for Node.js",
    author = "Ryan Schmukler",
    howpublished = "[online]",
    year = "2021",
    note = "[cit. 2021-04-09]",
    url = "https://github.com/agenda/agenda"
}

@MISC {react,
    title = "Getting Started – React",
    author = {{Facebook Inc.}},
    howpublished = "[online]",
    year = "2021",
    note = "[cit. 2021-04-09]",
    url = "https://reactjs.org/docs/getting-started.html"
}

@ARTICLE {wifi-vs-ble,
    title = "Comparison of Power Consumption of WiFi Inbuilt Internet of Things Device with Bluetooth Low Energy",
    author = "Darshana Thomas and Edward Wilkie and James Irvine",
    journal = "World Academy of Science, Engineering and Technology International Journal of Computer and Information Engineering",
    howpublished = "[online]",
    volume = "10", 
    number = "10",
    year = "2016",
    note = "[cit. 2021-04-09]",
    url = "https://reactjs.org/docs/getting-started.html"
}


@techreport{websocket,
   AUTHOR = "I. Fette, A. Melnikov",
   TITLE = "The WebSocket Protocol",
   HOWPUBLISHED = {Internet Requests for Comments},
   TYPE = "{RFC}",
   NUMBER=6455,
   PAGES = {4-13},
   YEAR = {2011},
   MONTH = {prosinec},
   ISSN = {2070-1721},
   PUBLISHER = "{RFC Editor}",
   INSTITUTION = "{RFC Editor}",
   URL = {https://tools.ietf.org/html/rfc6455}
}

@techreport{rfc-jwt,
   AUTHOR = "M. Jones, J. Bradley, N. Sakimura",
   TITLE = "JSON Web Token (JWT)",
   HOWPUBLISHED = {Internet Requests for Comments},
   TYPE = "{RFC}",
   NUMBER=7519,
   YEAR = {2015},
   MONTH = {květen},
   ISSN = {2070-1721  },
   PUBLISHER = "{RFC Editor}",
   INSTITUTION = "{RFC Editor}",
   URL = {https://tools.ietf.org/html/rfc7519}
}

@MISC{img-mqtt-communication,
    author = {Ragnar Ranøyen Homb},
    title = {MQTT – What Is It? And How Can You Use It?},
    month = {červenec},
    year = {2017},
    note = "[cit. 2021-11-04]",
    howpublished = "[online]",
    url = {https://www.norwegiancreations.com/2017/07/mqtt-what-is-it-and-how-can-you-use-it/}
}

@MISC{survey-languages,
    author = {{Stack Exchange Inc.}},
    title = {Most Popular Technologies},
    month = {červenec},
    year = {2020},
    note = "[cit. 2021-11-04]",
    howpublished = "[online]",
    url = {https://insights.stackoverflow.com/survey/2020\#most-popular-technologies}
}

@MISC{react-companies,
    author = {Łukasz Kubok},
    title = {Top 10 Companies Using React.js},
    year = {2020},
    month = {září},
    note = "[cit. 2021-11-04]",
    howpublished = "[online]",
    url = {https://selleo.com/blog/top-10-companies-using-reactjs}
}

@MISC{mongodb,
    author = {{MongoDB, Inc.}},
    title = {The database for
modern applications},
    year = {2021},
    note = "[cit. 2021-11-04]",
    howpublished = "[online]",
    url = {https://www.mongodb.com/}
}

@MISC{bson-vs-json,
    author = {{MongoDB, Inc.}},
    title = {JSON and BSON},
    year = {2021},
    note = "[cit. 2021-11-04]",
    howpublished = "[online]",
    url = {https://www.mongodb.com/json-and-bson}
}

@comment TODO autor komunita?
@MISC{mongoose,
    title = {Mongoose v5.12.3: Getting Started},
    year = {2021},
    note = "[cit. 2021-11-04]",
    howpublished = "[online]",
    url = {https://mongoosejs.com/docs/index.html}
}

@MISC{bolletproof-architecture,
    author = {Sam Quinn},
    title = {Bulletproof node.js project architecture},
    month = {květen},
    year = {2019},
    note = "[cit. 2021-11-04]",
    howpublished = "[online]",
    url = {https://softwareontheroad.com/ideal-nodejs-project-structure/?utm_source=devto&utm_medium=post}
}

@MISC{owasp-cheatsheets,
    author = {OWASP® Foundation},
    title = {NodeJS security cheat sheet},
    year = {2021},
    note = "[cit. 2021-11-04]",
    howpublished = "[online]",
    url = {https://cheatsheetseries.owasp.org/cheatsheets/Nodejs_Security_Cheat_Sheet.html}
}

@MISC{field-descriptor-pattern,
    author = {Sumit Shrestha},
    title = {Field and Field Descriptor pattern},
    month        = {březen},
    year = {2012},
    note = "[cit. 2021-11-04]",
    howpublished = "[online]",
    url = {http://sumitshresthatech.blogspot.com/2012/03/field-and-field-descriptor-pattern.html}
}

@MISC{img-redux-flow,
    author = {Rodrigo F. Fernandes},
    title = {Integrating semantic-ui modal with Redux},
    month = {únor},
    year = {2018},
    note = "[cit. 2021-11-04]",
    howpublished = "[online]",
    url = {https://itnext.io/integrating-semantic-ui-modal-with-redux-4df36abb755c}
}

@MISC{jwt-cons,
    author = {RPhilippe De Ryck},
    title = {The Hard Parts of JWT Security Nobody Talks About},
    month = {leden},
    year = {2019},
    note = "[cit. 2021-14-04]",
    howpublished = "[online]",
    url = {https://www.pingidentity.com/en/company/blog/posts/2019/jwt-security-nobody-talks-about.html}
}

@MISC{homie,
    author = {{IoT enthusiasts}},
    title = {The Homie convention},
    year = {2020},
    note = "[cit. 2021-14-04]",
    howpublished = "[online]",
    url = {https://homieiot.github.io/}
}


@article{sql-and-nosql,
    author = {Dave, Meenu},
    year = {2012},
    month = {08},
    title = {SQL and NoSQL Databases},
    journal = {International Journal of Advanced Research in Computer Science and Software Engineering}
}


@MISC{esp-wiring,
    author = {{NailBuster Software Inc.}},
    title = {{ Touch LCD SPI for esp8266 (nodemcu)}},
    month = {květen},
    year = {2016},
    note = "[cit. 2021-14-04]",
    howpublished = "[online]",
    url = {https://nailbuster.com/?page_id=341}
}

@MISC{free-monitoring,
    author = {{MongoDB, Inc.}},
    title = {Free Monitoring — MongoDB Manual},
    note = "[cit. 2021-14-04]",
    howpublished = "[online]",
    url = {https://docs.mongodb.com/manual/administration/free-monitoring/}
}

@MISC{node-red,
    author = {{OpenJS Foundation}},
    title = {Node-RED},
    note = "[cit. 2021-15-04]",
    howpublished = "[online]",
    url = {https://nodered.org/}
}

@MISC{ifttt,
    author = {Linden Tibbets, Jesse Tane},
    title = {Welcome to IFTTT guide},
    note = "[cit. 2021-15-04]",
    howpublished = "[online]",
    url = {https://ifttt.com/explore/welcome_to_ifttt?utm_source=IFTTT&utm_medium=Tout&utm_campaign=Signedout_Audience}
}

@MISC{node-red-homie,
    author = {Chris},
    title = {node-red-contrib-homie-convention},
    year = {2020},
    note = "[cit. 2021-15-04]",
    howpublished = "[online]",
    url = {https://flows.nodered.org/node/node-red-contrib-homie-convention}
}

@MISC{containers,
    author = {{Docker, Inc.}},
    title = {What is a Container?},
    year = {2021},
    note = "[cit. 2021-19-04]",
    howpublished = "[online]",
    url = {https://www.docker.com/resources/what-container}
}

@MISC{jenkins,
    author = {Kohsuke Kawaguchi},
    title = {Jenkins},
    year = {2021},
    note = "[cit. 2021-19-04]",
    howpublished = "[online]",
    url = {https://www.jenkins.io/}
}

@MISC{1-wire-ds,
    author = {{Dallas Semiconductor}},
    title = {
DS18B20 Datasheet (PDF) - Dallas Semiconductor},
    note = "[cit. 2021-04-22]",
    howpublished = "[online]",
    url = {https://pdf1.alldatasheet.com/datasheet-pdf/view/58557/DALLAS/DS18B20.html}
}

@MISC{1-wire,
    author = {{Maxim Integrated}},
    title = {GUIDE TO 1-WIRE COMMUNICATION},
    month        = {červen},
    year         = {2008},
    note = "[cit. 2021-04-22]",
    howpublished = "[online]",
    url = {https://www.maximintegrated.com/en/design/technical-documents/tutorials/1/1796.html}
}